<record><leader>00000cas a22000007a 4500</leader><controlfield tag="001">30651014</controlfield><controlfield tag="008">940623d18971924vauwr ne      0    0eng d</controlfield><datafield ind1=" " ind2=" " tag="010"><subfield code="a">sn 94060021 </subfield></datafield><datafield ind1=" " ind2=" " tag="040"><subfield code="a">NVK</subfield><subfield code="b">eng</subfield><subfield code="c">NVK</subfield><subfield code="d">OCLCQ</subfield><subfield code="d">OCLCF</subfield><subfield code="d">OCLCO</subfield></datafield><datafield ind1=" " ind2=" " tag="042"><subfield code="a">msc</subfield></datafield><datafield ind1=" " ind2=" " tag="043"><subfield code="a">n-us-va</subfield></datafield><datafield ind1="0" ind2="0" tag="245"><subfield code="a">Accomack news.</subfield></datafield><datafield ind1=" " ind2=" " tag="260"><subfield code="a">Onancock, Va. :</subfield><subfield code="b">J. Rowles,</subfield><subfield code="c">-1924.</subfield></datafield><datafield ind1=" " ind2=" " tag="300"><subfield code="a">v.</subfield></datafield><datafield ind1=" " ind2=" " tag="310"><subfield code="a">Weekly</subfield></datafield><datafield ind1="1" ind2=" " tag="362"><subfield code="a">Began in 1897.</subfield><subfield code="z">Cf. Cappon, L.J. Va. newspapers.</subfield></datafield><datafield ind1="0" ind2=" " tag="362"><subfield code="a">-v. 28, no. 23 (Dec. 19, 1924).</subfield></datafield><datafield ind1=" " ind2=" " tag="500"><subfield code="a">Publishers: Onancock Publishing Co., &lt;1905-1919&gt;; Accomack News Co., Inc., &lt;1920&gt;-1924.</subfield></datafield><datafield ind1=" " ind2=" " tag="530"><subfield code="a">Available on microfilm from Micro Photo Inc.</subfield></datafield><datafield ind1=" " ind2=" " tag="580"><subfield code="a">Accomack News Co., Inc. formed in May 1924 to publish Eastern shore news (Cape Charles, Va.) and Accomack news, which merged officially in Jan. 1925 to form the News (Onancock, Va.).</subfield></datafield><datafield ind1=" " ind2=" " tag="588"><subfield code="a">Description based on: Vol. 4, no. 30 (Feb. 2, 1901).</subfield></datafield><datafield ind1=" " ind2="0" tag="651"><subfield code="a">Accomack County (Va.)</subfield><subfield code="v">Newspapers.</subfield></datafield><datafield ind1=" " ind2="0" tag="651"><subfield code="a">Onancock (Va.)</subfield><subfield code="v">Newspapers.</subfield></datafield><datafield ind1=" " ind2="7" tag="655"><subfield code="a">Newspapers.</subfield><subfield code="2">fast</subfield><subfield code="0">(OCoLC)fst01423814</subfield></datafield><datafield ind1=" " ind2="7" tag="651"><subfield code="a">Virginia</subfield><subfield code="z">Accomack County.</subfield><subfield code="2">fast</subfield><subfield code="0">(OCoLC)fst01204485</subfield></datafield><datafield ind1=" " ind2="7" tag="651"><subfield code="a">Virginia</subfield><subfield code="z">Onancock.</subfield><subfield code="2">fast</subfield><subfield code="0">(OCoLC)fst01210761</subfield></datafield><datafield ind1=" " ind2=" " tag="752"><subfield code="a">United States</subfield><subfield code="b">Virginia</subfield><subfield code="c">Accomack</subfield><subfield code="d">Onancock.</subfield></datafield><datafield ind1="1" ind2="7" tag="785"><subfield code="t">Eastern shore news (Cape Charles, Va.)</subfield><subfield code="w">(DLC)sn 94060026</subfield></datafield><datafield ind1="1" ind2="7" tag="785"><subfield code="t">News (Onancock, Va.)</subfield><subfield code="w">(DLC)sn 94060031</subfield></datafield></record>